@misc{chen2019crowdrobot,
  title           = {Crowd-Robot Interaction: Crowd-aware Robot Navigation with
                  Attention-based Deep Reinforcement Learning},
  author          = {Changan Chen and Yuejiang Liu and Sven Kreiss and Alexandre
                  Alahi},
  year            = 2019,
  eprint          = {1809.08835},
  archivePrefix   = {arXiv},
  primaryClass    = {cs.RO}
}

@inproceedings{davis2016botornot,
  title           = {Botornot: A system to evaluate social bots},
  author          = {Davis, Clayton Allen and Varol, Onur and Ferrara, Emilio
                  and Flammini, Alessandro and Menczer, Filippo},
  booktitle       = {Proceedings of the 25th international conference companion
                  on world wide web},
  pages           = {273--274},
  year            = 2016
}

@inproceedings{day2019comparison,
  title           = {A Comparison Of Automatic Extractive Text Summarization
                  Techniques},
  author          = {Alex Day and Soo Kim},
  booktitle       = {Proceedings of the 34th Annual Spring Conference of the
                  Pennsylvania Computer and Information Science Educators},
  pages           = {98, 102},
  organization    = {Pennsylvania Computer and Information Science Educators},
  month           = {April},
  year            = 2019,
}

@inproceedings{day2020confet,
  title           = {CoNFET: An English Sentence to Emojis Translation
                  Algorithm},
  author          = {Alex Day and Chris Mankos and Soo Kim and Jody Strausser},
  booktitle       = {Proceedings of the 35th Annual Spring Conference of the
                  Pennsylvania Computer and Information Science Educators},
  organization    = {Pennsylvania Computer and Information Science Educators},
  year            = 2020,
  month           = {Feburary},
  note            = {Unpublished}
}

@article{fouss2007random,
  title           = {Random-walk computation of similarities between nodes of a
                  graph with application to collaborative recommendation},
  author          = {Fouss, Francois and Pirotte, Alain and Renders, Jean-Michel
                  and Saerens, Marco},
  journal         = {IEEE Transactions on knowledge and data engineering},
  volume          = 19,
  number          = 3,
  pages           = {355--369},
  year            = 2007,
  publisher       = {IEEE}
}

@article{freeman1977set,
  title           = {A set of measures of centrality based on betweenness},
  author          = {Freeman, Linton C},
  journal         = {Sociometry},
  pages           = {35--41},
  year            = 1977,
  publisher       = {JSTOR}
}

@inproceedings{godoy2014anytime,
  title           = {Anytime navigation with progressive hindsight optimization},
  author          = {Godoy, Julio and Karamouzas, Ioannis and Guy, Stephen J and
                  Gini, Maria},
  booktitle       = {2014 IEEE/RSJ International Conference on Intelligent
                  Robots and Systems},
  pages           = {730--735},
  year            = 2014,
  organization    = {IEEE}
}

@article{godoy2020c,
  title           = {C-Nav: Distributed coordination in crowded multi-agent
                  navigation},
  author          = {Godoy, Julio and Guy, Stephen J and Gini, Maria and
                  Karamouzas, Ioannis},
  journal         = {Robotics and Autonomous Systems},
  pages           = 103631,
  year            = 2020,
  publisher       = {Elsevier}
}

@article{karamouzas2014universal,
  title           = {Universal power law governing pedestrian interactions},
  author          = {Karamouzas, Ioannis and Skinner, Brian and Guy, Stephen J},
  journal         = {Physical review letters},
  volume          = 113,
  number          = 23,
  pages           = 238701,
  year            = 2014,
  publisher       = {APS}
}

@article{kleinberg1999authoritative,
  title           = {Authoritative sources in a hyperlinked environment},
  author          = {Kleinberg, Jon M},
  journal         = {Journal of the ACM (JACM)},
  volume          = 46,
  number          = 5,
  pages           = {604--632},
  year            = 1999,
  publisher       = {ACM New York, NY, USA}
}

@inproceedings{kunegis2009slashdot,
  title           = {The slashdot zoo: mining a social network with negative
                  edges},
  author          = {Kunegis, J{\'e}r{\^o}me and Lommatzsch, Andreas and
                  Bauckhage, Christian},
  booktitle       = {Proceedings of the 18th international conference on World
                  wide web},
  pages           = {741--750},
  year            = 2009
}

@article{long2017deep,
  title           = {Deep-Learned Collision Avoidance Policy for Distributed
                  Multiagent Navigation},
  author          = {Long, Pinxin and Liu, Wenxi and Pan, Jia},
  journal         = {IEEE Robotics and Automation Letters},
  volume          = 2,
  number          = 2,
  pages           = {656--663},
  year            = 2017,
  publisher       = {IEEE}
}

@inproceedings{long2018towards,
  title           = {Towards optimally decentralized multi-robot collision
                  avoidance via deep reinforcement learning},
  author          = {Long, Pinxin and Fanl, Tingxiang and Liao, Xinyi and Liu,
                  Wenxi and Zhang, Hao and Pan, Jia},
  booktitle       = {2018 IEEE International Conference on Robotics and
                  Automation (ICRA)},
  pages           = {6252--6259},
  year            = 2018,
  organization    = {IEEE}
}

@article{newman2002assortative,
  title           = {Assortative mixing in networks},
  author          = {Newman, Mark EJ},
  journal         = {Physical review letters},
  volume          = 89,
  number          = 20,
  pages           = 208701,
  year            = 2002,
  publisher       = {APS}
}

@article{newman2005measure,
  title           = {A measure of betweenness centrality based on random walks},
  author          = {Newman, Mark EJ},
  journal         = {Social networks},
  volume          = 27,
  number          = 1,
  pages           = {39--54},
  year            = 2005,
  publisher       = {Elsevier}
}

@article{newman2005power,
  title           = {Power laws, Pareto distributions and Zipf's law},
  author          = {Newman, Mark EJ},
  journal         = {Contemporary physics},
  volume          = 46,
  number          = 5,
  pages           = {323--351},
  year            = 2005,
  publisher       = {Taylor \& Francis}
}

@article{schank2005approximating,
  title           = {Approximating clustering coefficient and transitivity.},
  author          = {Schank, Thomas and Wagner, Dorothea},
  journal         = {Journal of Graph Algorithms and Applications},
  volume          = 9,
  number          = 2,
  pages           = {265--275},
  year            = 2005,
  publisher       = {Brown University, Providence, RI; University of Texas,
                  Dallas}
}

@article{shao2016hoaxy,
  author          = {Shao, Chengcheng and Ciampaglia, Giovanni Luca and
                  Flammini, Alessandro and Menczer, Filippo},
  title           = {Hoaxy},
  year            = 2016,
  doi             = {10.1145/2872518.2890098},
  url             = {http://dx.doi.org/10.1145/2872518.2890098},
  isbn            = 9781450341448,
  journal         = {Proceedings of the 25th International Conference Companion
                  on World Wide Web - WWW â€™16 Companion},
  publisher       = {ACM Press}
}

@article{ushijima2019centralities,
  title           = {Centralities for networks with consumable resources},
  author          = {Ushijima-Mwesigwa, Hayato and Khan, Zadid and Chowdhury,
                  Mashrur A and Safro, Ilya},
  journal         = {Network Science},
  volume          = 7,
  number          = 3,
  pages           = {376--401},
  year            = 2019,
  publisher       = {Cambridge University Press}
}

@article{varol2017online,
  title           = {Online human-bot interactions: Detection, estimation, and
                  characterization},
  author          = {Varol, Onur and Ferrara, Emilio and Davis, Clayton A and
                  Menczer, Filippo and Flammini, Alessandro},
  journal         = {arXiv preprint arXiv:1703.03107},
  year            = 2017
}
